@article{HM,
  ISSN = {00029947},
  URL = {http://www.jstor.org/stable/1995158},
  author = {R. Hindley},
  journal = {Transactions of the American Mathematical Society},
  pages = {29-60},
  publisher = {American Mathematical Society},
  title = {The Principal Type-Scheme of an Object in Combinatory Logic},
  volume = {146},
  year = {1969}
}

@article{Schrijvers2015,
  author = {Schrijvers, Tom and Jones, Simon Peyton and Vytiniotis, Dimitrios and Karachalias, Gerogios},
  file = {:Users/pavel/Documents/Mendeley Desktop/gadtpm.pdf:pdf},
  isbn = {9781450336697},
  keywords = {generalized algebraic data,haskell,o utside i n,pattern matching,types,x},
  number = {Section 7},
  title = {{GADTs meet their match}},
  year = {2015}
}

@online{GHC8,
  author = {Ben Gamari},
  title = {Glasgow Haskell Compiler version 8.0.1},
  year = 2016,
  url = {https://mail.haskell.org/pipermail/ghc-devs/2016-May/012098.html},
  urldate = {2017-02-01}
}

@inproceedings{QuickCheck,
  author = {Claessen, Koen and Hughes, John},
  title = {QuickCheck: A Lightweight Tool for Random Testing of Haskell Programs},
  booktitle = {Proceedings of the Fifth ACM SIGPLAN International Conference on Functional Programming},
  series = {ICFP '00},
  year = {2000},
  isbn = {1-58113-202-6},
  pages = {268--279},
  numpages = {12},
  url = {http://doi.acm.org/10.1145/351240.351266},
  doi = {10.1145/351240.351266},
  acmid = {351266},
  publisher = {ACM},
  address = {New York, NY, USA},
}

@inproceedings{QuickSpec,
  title={QuickSpec: Guessing Formal Specifications Using Testing},
  author={Koen Claessen and Nicholas Smallbone and John Hughes},
  booktitle={TAP},
  year={2010}
}
